<?xml version="1.0" encoding="UTF-8"?><collection xmlns="http://www.loc.gov/MARC21/slim"><record><leader>00365nam--2200133-i-4500</leader><controlfield tag="001">000026807</controlfield><controlfield tag="002">20161230</controlfield><controlfield tag="005">20161230201036</controlfield><controlfield tag="008">060222s1000------------r-----000-0-eng-d</controlfield><datafield ind1=" " ind2=" " tag="080"><subfield code="a">550.8:550.34</subfield></datafield><datafield ind1=" " ind2=" " tag="100"><subfield code="a">Kloster, Hjell Og Sellevol, Markvard A</subfield></datafield><datafield ind1=" " ind2=" " tag="245"><subfield code="a">Refraksjonsseismiske undersokelser pa jaeren</subfield></datafield><datafield ind1=" " ind2=" " tag="260"><subfield code="a">Bergen, Universitetet, 1965, 21p</subfield></datafield><datafield ind1=" " ind2=" " tag="852"><subfield code="a">48062</subfield></datafield></record></collection>